@article{deutsch,
  title={Rapid solution of problems by quantum computation},
  author={Deutsch, David and Jozsa, Richard},
  journal={Proceedings of the Royal Society of London. Series A: Mathematical and Physical Sciences},
  volume={439},
  number={1907},
  pages={553--558},
  year={1992},
  publisher={The Royal Society London}
}

@article{ambainis2002,
	title = {Quantum Lower Bounds by Quantum Arguments},
	volume = {64},
	issn = {00220000},
	doi = {10.1006/jcss.2002.1826},
	pages = {750--767},
	number = {4},
	journal = {Journal of Computer and System Sciences},
	author = {Ambainis, Andris},
	year = {2002}
}

@article{hormann,
	title = {The point in polygon problem for arbitrary polygons},
	volume = {20},
	issn = {0925-7721},
	doi = {10.1016/S0925-7721(01)00012-8},
	pages = {131--144},
	number = {3},
	journal = {Computational Geometry},
	author = {Hormann, Kai and Agathos, Alexander},
	year = {2001},
}

