% probability theory

@book{grinstead,
	edition = {second},
	title = {Introduction to Probability},
	isbn = {978-0-8218-0749-1},
	publisher = {American Mathematical Society},
	author = {Grinstead, Charles M. and Snell, J. Laurie},
	year = {1997}
}

% group

@book{terras,
	title = {Fourier Analysis on Finite Groups and Applications},
	isbn = {978-0-521-45718-7},
	series = {London Mathematical Society Student Texts},
	publisher = {Cambridge University Press},
	author = {Terras, Audrey},
	year = {1999},
	doi = {10.1017/CBO9780511626265}
}

% general QC

@misc{karimipour,
    title = "Lecture Notes on Quantum Computation and Information",
    author = "Karimipour, Vahid",
    howpublished = "\url{http://physics.sharif.edu/~vahid/teachingQC.html}",
    note = {Accessed: 2021-06-25},
    year = "Fall and Spring 2021",
}

@article{boykin,
	title = {A new universal and fault-tolerant quantum basis},
	volume = {75},
	issn = {00200190},
	doi = {10.1016/S0020-0190(00)00084-3},
	pages = {101--107},
	number = {3},
	journal = {Information Processing Letters},
	author = {Boykin, P.Oscar and Mor, Tal and Pulver, Matthew and Roychowdhury, Vwani and Vatan, Farrokh},
	year = {2000}
}

@book{aaronson2013, 
    title={Quantum Computing since Democritus}, 
    DOI={10.1017/CBO9780511979309}, 
    publisher={Cambridge University Press}, 
    author={Aaronson, Scott}, 
    year={2013}
}

@article{backens,
	title = {The {ZX}-calculus is complete for stabilizer quantum mechanics},
	volume = {16},
	issn = {1367-2630},
	doi = {10.1088/1367-2630/16/9/093021},
	pages = {093021},
	number = {9},
	journal = {New Journal of Physics},
	author = {Backens, Miriam},
	year = {2014},
	eprinttype = {arxiv},
	eprint = {1307.7025}
}

@inproceedings{selinger,
	title = {A Lambda Calculus for Quantum Computation with Classical Control},
	isbn = {978-3-540-32014-2},
	pages = {354--368},
	booktitle = {Typed Lambda Calculi and Applications},
	publisher = {Springer Berlin Heidelberg},
	author = {Selinger, Peter and Valiron, Benoît},
	editor = {Urzyczyn, Pawe\{{\textbackslash}textbackslash\}l},
	year = {2005}
}

% quantum algorithms

@article{grover,
	title = {Quantum Computers Can Search Rapidly by Using Almost Any Transformation},
	volume = {80},
	issn = {0031-9007, 1079-7114},
	doi = {10.1103/PhysRevLett.80.4329},
	pages = {4329--4332},
	number = {19},
	journal = {Physical Review Letters},
	author = {Grover, Lov K.},
	year = {1998}
}

@online{jordan,
    author = "Stephen Jordan",
    title = "Quantum Algorithm Zoo",
    howpublished = "\url{https://quantumalgorithmzoo.org/}",
    note = {Accessed: 2021-07-08}
}

@article{deutsch-joza,
  title={Rapid solution of problems by quantum computation},
  author={Deutsch, David and Jozsa, Richard},
  journal={Proceedings of the Royal Society of London. Series A: Mathematical and Physical Sciences},
  volume={439},
  number={1907},
  pages={553--558},
  year={1992},
  publisher={The Royal Society London}
}

@misc{kitaev,
	title = {Quantum measurements and the Abelian Stabilizer Problem},
	author = {Kitaev, A. Yu},
    howpublished = {\href{https://arxiv.org/abs/quant-ph/9511026}{arxiv:quant-ph/9511026}},
	year = {1995},
	eprint = {9511026},
    archivePrefix={arXiv},
    primaryClass={quant-ph}
}

@inproceedings{shor,
	title = {Algorithms for quantum computation: discrete logarithms and factoring},
	isbn = {978-0-8186-6580-6},
	doi = {10.1109/SFCS.1994.365700},
	pages = {124--134},
	booktitle = {Proceedings 35th Annual Symposium on Foundations of Computer Science},
	publisher = {{IEEE} Comput. Soc. Press},
	author = {Shor, P.W.},
	year = {1994}
}

@article{montanaro,
	title = {Quantum algorithms: an overview},
	volume = {2},
	issn = {2056-6387},
	url = {https://www.nature.com/articles/npjqi201523},
	doi = {10.1038/npjqi.2015.23},
	pages = {1--8},
	number = {1},
	journal = {npj Quantum Information},
	author = {Montanaro, Ashley},
	year = {2016}
}

@misc{lokhov,
    title={Quantum Algorithm Implementations for Beginners},
    author={Abhijith J. and Adetokunbo Adedoyin and John Ambrosiano and Petr Anisimov and Andreas Bärtschi and William Casper and Gopinath Chennupati and Carleton Coffrin and Hristo Djidjev and David Gunter and Satish Karra and Nathan Lemons and Shizeng Lin and Alexander Malyzhenkov and David Mascarenas and Susan Mniszewski and Balu Nadiga and Daniel O'Malley and Diane Oyen and Scott Pakin and Lakshman Prasad and Randy Roberts and Phillip Romero and Nandakishore Santhi and Nikolai Sinitsyn and Pieter J. Swart and James G. Wendelberger and Boram Yoon and Richard Zamora and Wei Zhu and Stephan Eidenbenz and Patrick J. Coles and Marc Vuffray and Andrey Y. Lokhov},
    howpublished = {\href{https://arxiv.org/abs/1804.03719}{arxiv:cs.ET/1804.03719}},
    year={2018},
    eprint={1804.03719},
    archivePrefix={arXiv},
    primaryClass={cs.ET}
}


% quantum complexity

@article{ambainis_2002,
	title = {Quantum Lower Bounds by Quantum Arguments},
	volume = {64},
	issn = {00220000},
	doi = {10.1006/jcss.2002.1826},
	pages = {750--767},
	number = {4},
	journal = {Journal of Computer and System Sciences},
	author = {Ambainis, Andris},
	year = {2002}
}

@misc{aaronson2010,
    author   = "Scott Aaronson",
    title           = "Lecture Notes of 6.845 Quantum Complexity Theory",
    howpublished    = "\href{https://ocw.mit.edu/courses/electrical-engineering-and-computer-science/6-845-quantum-complexity-theory-fall-2010/lecture-notes/}{MIT OpenCourseWare}",
    organization    = "Massachusetts Institute of Technology",
    year            = "Fall 2010",
    note = {Accessed: 2021-06-25}
}


@book{arora,
  title={Computational complexity: a modern approach},
  author={Arora, Sanjeev and Barak, Boaz},
  year={2009},
  publisher={Cambridge University Press}
}

@article{deutsch,
	title = {Quantum computational networks},
	volume = {425},
	doi = {10.1098/rspa.1989.0099},
	pages = {73--90},
	number = {1868},
	journal = {Proceedings of the Royal Society of London. A. Mathematical and Physical Sciences},
	author = {Deutsch, David Elieser and Penrose, Roger},
	year = {1989}
}

@misc{watrous,
      title={Quantum Computational Complexity}, 
      author={John Watrous},
      howpublished = {\href{https://arxiv.org/abs/0804.3401}{arxiv:quant-ph/0804.3401}},
      year={2008},
      eprint={0804.3401},
      archivePrefix={arXiv},
      primaryClass={quant-ph}
}
@inproceedings{yao,
	title = {Quantum circuit complexity},
	isbn = {978-0-8186-4370-5},
	doi = {10.1109/SFCS.1993.366852},
	abstract = {We study a complexity model of quantum circuits analogous to the standard (acyclic) Boolean circuit model. It is shown that any function computable in polynomial time by a quantum Turing machine has a polynomial-size quantum circuit. This result also enables us to construct a universal quantum computer which can simulate, with a polynomial factor slowdown, a broader class of quantum machines than that considered by Bernstein and Vazirani {BV}93], thus answering an open question raised in {BV}93]. We also develop a theory of quantum communication complexity, and use it as a tool to prove that the majority function does not have a linear-size quantum formula.},
	eventtitle = {1993 {IEEE} 34th Annual Foundations of Computer Science},
	pages = {352--361},
	booktitle = {Proceedings of 1993 {IEEE} 34th Annual Foundations of Computer Science},
	publisher = {{IEEE}},
	author = {Chi-Chih Yao, A.},
	year = {1993}
}

% Computational Geoemetry

@book{toth,
	edition = {third},
	title = {Handbook of discrete and computational geometry},
	isbn = {978-1-4987-1139-5},
	publisher = {{CRC} Press},
	editor = {Tóth, Csaba and O'Rourke, Joseph and Goodman, Jacob E.},
	year = {2017}
}

@book{preparata,
	title = {Computational geometry: an introduction},
	isbn = {978-3-540-96131-4 978-0-387-96131-6},
	series = {Texts and monographs in computer science},
	publisher = {Springer},
	author = {Preparata, Franco P. and Shamos, Michael Ian},
	year = {2008}
}

@book{kao,
	edition = {second},
	title = {Encyclopedia of algorithms: with 379 figures and 51 tables},
	isbn = {978-1-4939-2863-7 978-1-4939-2865-1},
	publisher = {Springer Reference},
	editor = {Kao, Ming-Yang},
	year = {2016},
}

@book{berg,
	edition = {third},
	title = {Computational geometry: algorithms and applications},
	isbn = {978-3-540-77973-5},
	publisher = {Springer},
	author = {Berg, Mark de},
	year = {2008},
}

@article{huang,
	title = {On the complexity of point-in-polygon algorithms},
	volume = {23},
	issn = {00983004},
	doi = {10.1016/S0098-3004(96)00071-4},
	pages = {109--118},
	number = {1},
	journal = {Computers \& Geosciences},
	author = {Huang, Chong-Wei and Shih, Tian-Yuan},
	year = {1997}
}


@article{atallah,
	title = {A linear time algorithm for the Hausdorff distance between convex polygons},
	volume = {17},
	issn = {0020-0190},
	doi = {10.1016/0020-0190(83)90042-X},
	pages = {207--209},
	number = {4},
	journal = {Information Processing Letters},
	author = {Atallah, Mikhail J.},
	year = {1983}
}

% Quantum Computaitonal Geometry

@inproceedings{sadakane_2001,
	title = {Quantum Algorithms for Intersection and Proximity Problems},
	isbn = {978-3-540-45678-0},
	doi = {10.1007/3-540-45678-3_14},
	series = {Lecture Notes in Computer Science},
	pages = {148--159},
	booktitle = {Algorithms and Computation},
	publisher = {Springer},
	author = {Sadakane, Kunihiko and Sugawara, Norito and Tokuyama, Takeshi},
	editor = {Eades, Peter and Takaoka, Tadao},
	year = {2001}
}

@article{sadakane_2002,
	title = {Quantum Computation in Computational Geometry},
	volume = {8},
	issn = {1347-6157, 1340-9050},
	doi = {10.4036/iis.2002.129},
	pages = {129--136},
	number = {2},
	journal = {Interdisciplinary Information Sciences},
	author = {Sadakane, Kunihiko and Sugawara, Noriko and Tokuyama, Takeshi},
	year = {2002}
}

@article{volpato,
	title = {Bounds for Quantum Computational Geometry Problems},
	author = {Volpato, Nilton},
	% TODO
}
@article{lanzagorta,
	title = {Quantum algorithmic methods for computational geometry},
	volume = {20},
	issn = {1469-8072, 0960-1295},
	doi = {10.1017/S0960129510000411},
	pages = {1117--1125},
	number = {6},
	journal = {Mathematical Structures in Computer Science},
	author = {Lanzagorta, Marco and Uhlmann, Jeffrey},
	year = {2010},
	publisher = {Cambridge University Press}
}

@InProceedings{aaronson2020, % NEVER SEEN
  author =	{Scott Aaronson and Nai-Hui Chia and Han-Hsuan Lin and Chunhao Wang and Ruizhe Zhang},
  title =	{{On the Quantum Complexity of Closest Pair and Related Problems}},
  booktitle =	{35th Computational Complexity Conference (CCC 2020)},
  pages =	{16:1--16:43},
  series =	{Leibniz International Proceedings in Informatics (LIPIcs)},
  ISBN =	{978-3-95977-156-6},
  ISSN =	{1868-8969},
  year =	{2020},
  volume =	{169},
  editor =	{Shubhangi Saraf},
  publisher =	{Schloss Dagstuhl--Leibniz-Zentrum f{\"u}r Informatik},
  address =	{Dagstuhl, Germany},
  doi =		{10.4230/LIPIcs.CCC.2020.16},
}


@article{ambainis_2020,
	title = {Quantum algorithms for computational geometry problems},
	howpublished = {\href{http://arxiv.org/abs/2004.08949}{arxiv:quant-ph/2004.08949}},
	author = {Ambainis, Andris and Larka, Nikita},
    year = {2020},
    eprint={2004.08949},
    archivePrefix={arXiv},
    primaryClass={cs.CG}
}
